<record><leader>02390cam a2200433 i 4500</leader><controlfield tag="001">6803417</controlfield><controlfield tag="003">OCoLC</controlfield><controlfield tag="005">20150119132932.0</controlfield><controlfield tag="008">140818s2015    cou      b    000 0 eng  </controlfield><datafield ind1=" " ind2=" " tag="010"><subfield code="a">  2014026498</subfield></datafield><datafield ind1=" " ind2=" " tag="020"><subfield code="a">9781612057767 (hardcover : alk. paper)</subfield></datafield><datafield ind1=" " ind2=" " tag="020"><subfield code="a">1612057764 (hardcover : alk. paper)</subfield></datafield><datafield ind1=" " ind2=" " tag="020"><subfield code="z">9781612057781 (library ebook)</subfield></datafield><datafield ind1=" " ind2=" " tag="020"><subfield code="a">9781612057774 (pbk. : alk. paper)</subfield></datafield><datafield ind1=" " ind2=" " tag="020"><subfield code="a">1612057772 (pbk. : alk. paper)</subfield></datafield><datafield ind1=" " ind2=" " tag="020"><subfield code="z">9781612057798 (consumer ebook)</subfield></datafield><datafield ind1="8" ind2=" " tag="024"><subfield code="a">11717143</subfield></datafield><datafield ind1=" " ind2=" " tag="035"><subfield code="a">ocn888025173</subfield></datafield><datafield ind1=" " ind2=" " tag="040"><subfield code="a">DLC</subfield><subfield code="e">rda</subfield><subfield code="b">eng</subfield><subfield code="c">DLC</subfield><subfield code="d">YDX</subfield><subfield code="d">YDXCP</subfield><subfield code="d">BTCTA</subfield><subfield code="d">OCLCO</subfield><subfield code="d">CDX</subfield><subfield code="d">YUS</subfield><subfield code="d">UAB</subfield><subfield code="d">AEU</subfield></datafield><datafield ind1=" " ind2=" " tag="042"><subfield code="a">pcc</subfield></datafield><datafield ind1="0" ind2="0" tag="050"><subfield code="a">HM753</subfield><subfield code="b">.E96 2015</subfield></datafield><datafield ind1="0" ind2="0" tag="082"><subfield code="a">323</subfield><subfield code="2">23</subfield></datafield><datafield ind1=" " ind2=" " tag="090"><subfield code="a">HM 753 E956 2015</subfield><subfield code="b">AEU</subfield></datafield><datafield ind1="0" ind2="0" tag="245"><subfield code="a">Expanding the human in human rights :</subfield><subfield code="b">toward a sociology of human rights /</subfield><subfield code="c">edited by David L. Brunsma, Keri E. Iyall Smith, Brian K. Gran.</subfield></datafield><datafield ind1=" " ind2="1" tag="264"><subfield code="a">Boulder, CO :</subfield><subfield code="b">Paradigm Publishers,</subfield><subfield code="c">[2015]</subfield></datafield><datafield ind1=" " ind2=" " tag="300"><subfield code="a">v, 140 pages ;</subfield><subfield code="c">24 cm</subfield></datafield><datafield ind1=" " ind2=" " tag="336"><subfield code="a">text</subfield><subfield code="b">txt</subfield><subfield code="2">rdacontent</subfield></datafield><datafield ind1=" " ind2=" " tag="337"><subfield code="a">unmediated</subfield><subfield code="b">n</subfield><subfield code="2">rdamedia</subfield></datafield><datafield ind1=" " ind2=" " tag="338"><subfield code="a">volume</subfield><subfield code="b">nc</subfield><subfield code="2">rdacarrier</subfield></datafield><datafield ind1=" " ind2=" " tag="504"><subfield code="a">Includes bibliographical references (pages 119-139).</subfield></datafield><datafield ind1="0" ind2=" " tag="505"><subfield code="a">Introduction / David L. Brunsma, Keri E. Iyall Smith, and Brian K. Gran -- Sex and gender / Barbara Gurr and Nancy A. Naples -- Aging and the life course / Robin Shura and Rachel Bryant -- Mental health and human rights / Giedre Baltrusaityte -- Racial and ethnic minorities / James M. Thomas and David L. Brunsma -- Asia and Asian America / Mary Yu Danico and Phi Hong Su -- Latina/o sociology / Rogelio S&#225;enz, Karen Manges Douglas, and Maria Cristina Morales -- Children and youth / Brian K. Gran -- Race, class, and gender / Mary Romero -- Sexualities / Mary Bernstein -- Animals and society / Victoria Johnson and John Sanbonmatsu -- Disability and society / Jean M. Lynch -- Discussion questions and additional resources -- List of acronyms -- References -- About the editors.</subfield></datafield><datafield ind1=" " ind2=" " tag="596"><subfield code="a">43</subfield></datafield><datafield ind1=" " ind2="0" tag="650"><subfield code="a">Group identity</subfield><subfield code="x">Social aspects.</subfield></datafield><datafield ind1=" " ind2="0" tag="650"><subfield code="a">Human rights.</subfield></datafield><datafield ind1="1" ind2=" " tag="700"><subfield code="a">Brunsma, David L.,</subfield><subfield code="e">editor.</subfield></datafield><datafield ind1="1" ind2=" " tag="700"><subfield code="a">Iyall Smith, Keri E.,</subfield><subfield code="d">1973-</subfield><subfield code="e">editor.</subfield></datafield><datafield ind1="1" ind2=" " tag="700"><subfield code="a">Gran, Brian,</subfield><subfield code="d">1963-</subfield><subfield code="e">editor.</subfield></datafield><datafield ind1=" " ind2=" " tag="949"><subfield code="a">HM 753 E956 2015</subfield><subfield code="c">1</subfield><subfield code="h">UAHS-B</subfield><subfield code="i">0162035233939</subfield></datafield><datafield ind1=" " ind2=" " tag="926"><subfield code="a">HM 753 E956 2015</subfield><subfield code="w">LC</subfield><subfield code="c">1</subfield><subfield code="i">0162035233939</subfield><subfield code="d">5/12/2015</subfield><subfield code="e">2/23/2015</subfield><subfield code="l">ON_SHELF</subfield><subfield code="m">UAHSS</subfield><subfield code="n">1</subfield><subfield code="p">$150.00</subfield><subfield code="r">Y</subfield><subfield code="s">Y</subfield><subfield code="t">BOOK</subfield><subfield code="u">2/11/2015</subfield></datafield></record>